@Book{Zee:2003,
	AUTHOR = "A. Zee",
	TITLE = "Quantum field theory in a nutshell",
	PUBLISHER = "Princeton University Press",
	YEAR = "2003",
	ADDRESS = "Princeton, NJ"
	}

@Book{Thorne:1972,
	AUTHOR = "K. S. Thorne",
	TITLE = "Nonspherical Gravitational Collapse: A Short Review in Magic without Magic ed. J Klauder",
	PUBLISHER = "Freeman",
	ADDRESS = "San Francisco",
	YEAR = "1972"
	}

@Article{Arkani-Hamed:1998,
	AUTHOR = "N. Arkani-Hamed and S. Dimopoulos and G. R. Dvali",
	TITLE = "",
	JOURNAL = "Phys. Lett.",
	VOLUME = "B429",
	NUMBER = "",
	YEAR = "1998",
	PAGES = "263-272",
	EPRINT = "hep-ph/9803315",
	ARCHIVEPREFIX = "arXiv"
	}

@Article{Antoniadis:1998,
	AUTHOR = "I. Antoniadis and N. Arkani-Hamed and S. Dimopoulos and G. R. Dvali",
	TITLE = "",
	JOURNAL = "Phys. Lett.",
	VOLUME = "B436",
	NUMBER = "",
	YEAR = "1998",
	PAGES = "257-263",
	EPRINT = "hep-ph/9804398",
	ARCHIVEPREFIX = "arXiv"
	}

@Article{Arkani-Hamed:1999,
	AUTHOR = "N. Arkani-Hamed and S. Dimopoulos and G. R. Dvali",
	TITLE = "",
	JOURNAL = "Phys. Rev.",
	VOLUME = "D59",
	NUMBER = "",
	YEAR = "1998",
	PAGES = "",
	EPRINT = "hep-ph/9807344",
	ARCHIVEPREFIX = "arXiv"
	}

@Article{Randall:1999a,
	AUTHOR = "L. Randall and R. Sundrum",
	TITLE = "",
	JOURNAL = "Phys. Rev. Lett",
	VOLUME = "83",
	NUMBER = "",
	YEAR = "1999",
	PAGES = "3370-3373",
	EPRINT = "hep-ph/9905221",
	ARCHIVEPREFIX = "arXiv"
	}

@Article{Randall:1999b,
	AUTHOR = "L. Randall and R. Sundrum",
	TITLE = "",
	JOURNAL = "Phys. Rev. Lett",
	VOLUME = "83",
	NUMBER = "",
	YEAR = "1999",
	PAGES = "4690-4693",
	EPRINT = "hep-ph/9906064",
	ARCHIVEPREFIX = "arXiv"
	}

@Article{ATLAS:1999,
	AUTHOR = "{The~ATLAS~Collaboration}",
	TITLE = "ATLAS Detector and physics performance, Technical Design Report",
	YEAR = "1999"
	}

@Article{ATLAS:2009,
	AUTHOR = "{The~ATLAS~Collaboration}",
	TITLE = "Discovery Reach for Black Hole Production",
	YEAR = "2009",
	EPRINT = "ATT-PHYS-PUB-2009-074"
	}

@Article{Hawking:1974,
	AUTHOR = "S. W. Hawking",
	TITLE = "",
	JOURNAL = "Nature",
	NUMBER = "248",
	YEAR = "1974",
	PAGES = "30-31",
	DOI = "10.1038/248030a0"
	}

@Article{Doukas:2009,
	AUTHOR = "J. Doukas and H. T. Cho and  A. S. Cornell and W. Naylor",
	TITLE = "",
	YEAR = "2009",
	EPRINT = "hep-th/0906.1515v2",
	ARCHIVEPREFIX = "arXiv"
	}

@Article{Cornell:2006,
	AUTHOR = "A. S. Cornell and W. Naylor and and M. Sasaki",
	TITLE = "",
	YEAR = "2006",
	EPRINT = "hep-th/0510009v3",
	ARCHIVEPREFIX = "arXiv"
	}


@Article{Newman:1965tw,
     AUTHOR = "Newman, E. T. and Janis, A. I.",
     TITLE = "{Note on the Kerr spinning particle metric}",
     JOURNAL = "J. Math. Phys.",
     VOLUME = "6",
     YEAR = "1965",
     PAGES = "915-917",
     DOI = "10.1063/1.1704350",
     SLACCITATION = "%%CITATION = JMAPA,6,915;%%"
	}

@Article{Newman:1965my,
     AUTHOR = "Newman, E. T. and Couch, E. and Chinnapared, K. and Exton, A. and Prakash, A. and R. Torrence",
     TITLE = "{Metric of a Rotating, Charged Mass}",
     JOURNAL = "J. Math. Phys.",
     VOLUME = "6",
     YEAR = "1965",
     PAGES = "918-919",
     SLACCITATION  = "%%CITATION = JMAPA,6,918;%%"
	}


@Article{Kerr:1963ud,
     AUTHOR = "Kerr, Roy P.",
     TITLE = "{Gravitational field of a spinning mass as an example of algebraically special metrics}",
     JOURNAL = "Phys. Rev. Lett.",
     VOLUME = "11",
     YEAR = "1963",
     PAGES = "237-238",
     DOI = "10.1103/PhysRevLett.11.237",
     SLACCITATION = "%%CITATION = PRLTA,11,237;%%"
	}

@Article{Landsteiner:1999xv,
     AUTHOR = "Landsteiner, Karl and Lopez, Esperanza",
     TITLE = "{The thermodynamic potentials of Kerr-AdS black holes and their CFT  duals}",
     JOURNAL = "JHEP",
     VOLUME = "12",
     YEAR = "1999",
     PAGES = "020",
     EPRINT = "hep-th/9911124",
     ARCHIVEPREFIX = "arXiv",
     SLACCITATION = "%%CITATION = HEP-TH/9911124;%%"
	}

@Article{Chen:2006ea,
     AUTHOR = "Chen, W. and Lu, H. and Pope, C. N.",
     TITLE = "{Kerr-de Sitter black holes with NUT charges}",
     JOURNAL = "Nucl. Phys.",
     VOLUME = "B762",
     YEAR = "2007",
     PAGES = "38-54",
     EPRINT = "hep-th/0601002",
     ARCHIVEPREFIX = "arXiv",
     DOI = "10.1016/j.nuclphysb.2006.07.022",
     SLACCITATION = "%%CITATION = HEP-TH/0601002;%%"
	}

@Article{Hawking:1971vc,
     AUTHOR = "Hawking, S. W.",
     TITLE = "{Black holes in general relativity}",
     JOURNAL = "Commun. Math. Phys.",
     VOLUME = "25",
     YEAR = "1972",
     PAGES = "152-166",
     DOI = "10.1007/BF01877517",
     SLACCITATION = "%%CITATION = CMPHA,25,152;%%"
	}

@Article{Myers:1986un,
     AUTHOR = "Myers, Robert C. and Perry, M. J.",
     TITLE = "{Black Holes in Higher Dimensional Space-Times}",
     JOURNAL = "Ann. Phys.",
     VOLUME = "172",
     YEAR = "1986",
     PAGES = "304",
     DOI = "10.1016/0003-4916(86)90186-7",
     SLACCITATION = "%%CITATION = APNYA,172,304;%%"
	}

@Article{Maldacena:1997re,
     AUTHOR = "Maldacena, Juan Martin",
     TITLE = "{The large N limit of superconformal field theories and supergravity}",
     JOURNAL = "Adv. Theor. Math. Phys.",
     VOLUME = "2",
     YEAR = "1998",
     PAGES = "231-252",
     EPRINT = "hep-th/9711200",
     ARCHIVEPREFIX = "arXiv",
     DOI = "10.1023/A:1026654312961",
     SLACCITATION = "%%CITATION = HEP-TH/9711200;%%"
	}

@book{Peskin:1995,
  AUTHOR = "Michael E. Peskin and Dan V. Schroeder",
  PUBLISHER = "Westview Press",
  TITLE = "An Introduction To Quantum Field Theory",
  YEAR = "1995",
}
